@book{pressman2005ingenieria,
    author    = {Roger S. Pressman},
    title     = {Ingeniería del Software: Un Enfoque Práctico},
    publisher = {McGraw-Hill},
    year      = {2005},
    edition   = {6}
}

@article{turing1936,
    author  = {Alan Turing},
    title   = {On Computable Numbers, with an Application to the Entscheidungsproblem},
    journal = {Proceedings of the London Mathematical Society},
    volume  = {2},
    number  = {42},
    year    = {1936},
    pages   = {230--265}
}

